% Modelos de referências em BibTeX

% ATENCAO:
%
% - para preservar as maiúsculas em siglas nos títulos, use {...}.
    Veja um exemplo na referência "iskandar00" abaixo.

%%%%% exemplo de livro 
@book{iskandar00,
   author	= {J. ISKANDAR},
   title	= {Normas da {ABNT} Comentadas para Trabalhos Científicos},
   year		= {2000},
   publisher	= {Editora Champagnat (PUCPR)}
}

@book{goossens93,
   author	= {M. GOOSSENS and F. MITTELBACH and A. SAMARIN},
   title	= {The \LaTeX\ Companion},
   year		= {1993},
   publisher	= {Addison-Wesley}
}

@book{oetiker07,
   author	= {T. OETIKER and H. PARTL and I. HYNA and E. SCHLEGL},
   title	= {The Not So Short Introduction to \LaTeXe{}},
   publisher	= {\url{http://www.ctan.org/tex-archive/info/lshort}},
   year		= {2007}
}

%%%%% exemplo de parte de livro
@inbook{Birman89,
   author	= {K. BIRMAN and T. JOSEPH},
   editor	= {S. Mullender},
   pages	= {293-317},
   publisher	= {Addison-Wesley},
   title	= {Reliable Broadcast Protocols in Distributed Systems},
   year		= {1989}
}

%%%%% exemplo de manual
@manual{Chorus96a,
   title	= {Chorus/Cool-ORB r3 - Product Description},
   organization = {Chorus Systems},      
   note	= {CS/TR-95-157.3},
   month	= {June},
   year		= {1996}
}

%%%%% exemplo de tese de doutorado
@phdthesis{Maziero94,
   author	= {C. MAZIERO},
   title	= {Conception et réalisation d'un noyau de système
   		   réparti pour la simulation parallèle},
   school	= {IRISA - Université de Rennes I}, 
   address	= {Rennes - France},
   note 	= {137 pgs},
   number	= {1161},
   month	= {June},
   year		= {1994}
}

%%%%% exemplo de dissertação de mestrado
@mastersthesis{Ribeiro97,
   author	= {R. RIBEIRO},
   title	= {Proposta de um suporte para simulações orientadas a 
		   objetos distribuídas em uma plataforma aberta},
   school	= {Pós-Graduação em Engenharia Elétrica - Universidade
		   Federal de Santa Catarina}, 
   address	= {Fpolis - SC},
   note 	= {},
   number	= {},
   month	= {Junho},
   year		= {1997}
}

%%%%% exemplo de artigo em revista
@article{Awerbuch85a,
   author	= {B. AWERBUCH},
   title	= {Complexity of network synchronization},
   journal	= {Journal of ACM},
   volume	= {32},
   number	= {4},
   pages	= {801-823},
   note 	= {},
   month	= {October},
   year		= {1985}
}
@article{Marteleto01,
   author	= {R. M. MARTELETO},
   title	= {Análise de redes sociais - aplicação nos estudos de tranferência da informação},
   journal	= {Ci. Inf.},
   volume	= {30},
   number	= {1},
   pages	= {71-78},
   note 	= {},
   month	= {January},
   year		= {2001}
}
@article{Paterson1992,
   author	= {M. S. PATERSON and F. F. YAO},
   title	= {On nearest-neighbor graphs},
   journal	= {Springer LNCS},
   volume	= {623},
   number	= {1},
   pages	= {416–426},
   note 	= {},
   month	= {January},
   year		= {1992}
}

@article{Mishra2019,
   author	= {A. MISHRA},
   title	= {Finding Nearest Neighbors in graphs locally},
   journal	= {arXiv e-prints},
   month	= {Februrary},
   year		= {2019}
}
@article{Bita2016,
author = {SHAMS, BITA and HARATIZADEH, SAMAN},
year = {2016},
month = {04},
pages = {},
title = {Graph-based Collaborative Ranking},
volume = {67},
journal = {Expert Systems with Applications},
doi = {10.1016/j.eswa.2016.09.013}
}



%%%%% exemplo de artigo em evento
@conference{Adam88,
   author	= {M. ADAM and PH. INGELS and M. RAYNAL},
   title	= {The meaning of synchronous distributed algorithms run on
		   asynchronous distributed systems},
   booktitle	= {3$^{rd}$ International Symposium on Computer and
		   Information Sciences},
   address	= {Izmir - Turkey},
   pages	= {307-316},
   month	= {November},
   year		= {1988}
}
@conference{Rihak2017,
   author	= {J. ŘIHÁK, R. PELÁNEK.},
   title	= {TMeasuring Similarity of Educational Items Using Data on Learners' Performance},
   booktitle	= {Educational Data Mining (EDM), 2017.},
   year		= {2017}
}


%%%%% exemplo de relatório técnico
@techreport{bibufpr15,
   author	= {Biblioteca UFPR},
   institution	= {Sistema de Bibliotecas -- Universidade Federal do Paran\'a},
   title	= {Manual de normaliza\c{c}\~ao de documentos cient\'ificos de acordo com as normas da {ABNT}},
   number	= {ISBN 9788584800025},
   address	= {Curitiba PR},
   year		= {2015}
}

%%%%% exemplo de URL (páginas Web)
@misc{wearesocial18,
   title	= {Global Digital Report 2018},
   author	= {S. KEMP},
   howpublished	= {\url{https://wearesocial.com/blog/2018/01/global-digital-report-2018}},
   year		= {2018},
   note		= {Acessado em 15/05/2019}
}

